@article{agentsheetsmovingbeyondsyntax,
  author  = {Repenning, Alexander},
  year    = {2017},
  month   = {07},
  pages   = {68-91},
  title   = {Moving Beyond Syntax: Lessons from 20 Years of Blocks Programing in AgentSheets},
  volume  = {3},
  journal = {Journal of Visual Languages and Sentient Systems},
  doi     = {10.18293/VLSS2017-010}
}

@book{book:2507994,
  title     = {Modern Compiler Implementation in ML},
  author    = {Andrew W. Appel},
  publisher = {Cambridge University Press},
  year      = {2004},
  series    = {},
  edition   = {},
  volume    = {}
}

@book{book:2155605,
  title     = {Введение в функциональное программирование},
  author    = {Джон Харрисон},
  publisher = {Google},
  isbn      = {},
  year      = {1997},
  series    = {},
  edition   = {},
  volume    = {}
}

@book{book:913983,
  title     = {Engineering a compiler},
  author    = {Keith Cooper; Linda Torczon},
  publisher = {Morgan Kaufmann},
  year      = {2012},
  series    = {},
  edition   = {},
  volume    = {}
}

@book{book:2502019,
  title     = {Elm in Action},
  author    = {Richard Feldman},
  publisher = {Manning Publications},
  year      = {2020},
  series    = {},
  edition   = {},
  volume    = {}
}

@book{book:1326024,
  title     = {Типы в языках программирования},
  author    = {Бенджамин Пирс},
  publisher = {Лямбда пресс, Добросвет},
  isbn      = {},
  year      = {2010},
  series    = {},
  edition   = {},
  volume    = {}
}

@book{book:2404124,
  title     = {Компиляторы: принципы, технологии и инструментарий},
  author    = {Альфред В. Ахо and Моника С. Лам and Рави Сети and Джеффри Д. Ульман},
  publisher = {ООО “И.Д. Вильямс”},
  isbn      = {978-5-907114-28-9},
  year      = {2018},
  series    = {},
  edition   = {2},
  volume    = {}
}

@book{book:1032747,
  title     = {Графы в программировании: обработка, визуализация и применение},
  author    = {Касьянов, Виктор Николаевич;Евстигнеев, Владимир Анатольевич},
  publisher = {БХВ-Петербург},
  isbn      = {},
  year      = {2003},
  series    = {},
  edition   = {[Науч. изд.]},
  volume    = {}
}

@phdthesis{phdthesis,
  author = {Kelso, Joel},
  year   = {2002},
  month  = {05},
  pages  = {},
  title  = {A Visual Programming Environment for Functional Languages}
}

@article{ITA_1976__10_1_47_0,
  author    = {Berry, G.},
  title     = {Bottom-up computation of recursive programs},
  journal   = {RAIRO - Theoretical Informatics and Applications - Informatique Th\'eorique et Applications},
  pages     = {47--82},
  publisher = {Dunod-Gauthier-Villars},
  address   = {Paris},
  volume    = {10},
  number    = {R1},
  year      = {1976},
  mrnumber  = {411222},
  language  = {en},
  url       = {http://www.numdam.org/item/ITA_1976__10_1_47_0/}
}

@article{9320477,
  author  = {Kuhail, Mohammad Amin and Farooq, Shahbano and Hammad, Rawad and Bahja, Mohammed},
  journal = {IEEE Access},
  title   = {Characterizing Visual Programming Approaches for End-User Developers: A Systematic Review},
  year    = {2021},
  volume  = {9},
  number  = {},
  pages   = {14181-14202},
  doi     = {10.1109/ACCESS.2021.3051043}
}

@article{article,
  author  = {Johnston, Wesley and Hanna, J. and Millar, Richard},
  year    = {2004},
  month   = {03},
  pages   = {1-34},
  title   = {Advances in dataflow programming languages},
  volume  = {36},
  journal = {ACM Comput. Surv.},
  doi     = {10.1145/1013208.1013209}
}

@article{article,
  author  = {Shilov, Nikolay},
  year    = {2018},
  month   = {10},
  pages   = {549-560},
  title   = {Etude on Recursion Elimination},
  volume  = {25},
  journal = {Modeling and Analysis of Information Systems},
  doi     = {10.18255/1818-1015-2018-5-549-560}
}

@inproceedings{10.1007/11783183_17,
  author    = {Morris, S. J.
and Gotel, O. C. Z.},
  editor    = {Barker-Plummer, Dave
and Cox, Richard
and Swoboda, Nik},
  title     = {Flow Diagrams: Rise and Fall of the First Software Engineering Notation},
  booktitle = {Diagrammatic Representation and Inference},
  year      = {2006},
  publisher = {Springer Berlin Heidelberg},
  address   = {Berlin, Heidelberg},
  pages     = {130--144},
  abstract  = {Drawings of water are the earliest, least abstract forms of flow diagram. Representations of ideal or generalised sequences for manufacturing or actual paths for materials between machines came next. Subsequently documentation of production and information flow become subjects for graphical representation. A similar level of abstraction was necessary for representations of invisible flows such as electricity. After initial use to define control, flow diagrams became a general purpose tool for planning automated computation at all levels of composition. Proliferation of syntax variants and the need for a common language for documentation were the motivations behind standardisation efforts. Public communication of metalevel systems information superseded private comprehension of detailed algorithmic processes as a primary function. Changes to programming language structures and their associated processes caused the initial demise of flow diagrams in software engineering.},
  isbn      = {978-3-540-35624-0}
}

@article{DBLP:journals/corr/abs-1906-05170,
  author        = {Graham Campbell},
  title         = {Efficient Graph Rewriting},
  journal       = {CoRR},
  volume        = {abs/1906.05170},
  year          = {2019},
  url           = {http://arxiv.org/abs/1906.05170},
  archiveprefix = {arXiv},
  eprint        = {1906.05170},
  timestamp     = {Sat, 23 Jan 2021 01:12:38 +0100},
  biburl        = {https://dblp.org/rec/journals/corr/abs-1906-05170.bib},
  bibsource     = {dblp computer science bibliography, https://dblp.org}
}

@book{Dybvig:tspl4,
  author    = {R. Kent Dybvig},
  title     = {The {Scheme} Programming Language},
  publisher = {{MIT} Press},
  edition   = {Fourth},
  year      = 2009,
  texturl   = {http://www.scheme.com/tspl4/},
  biburl    = {http://www.cs.indiana.edu/~dyb/pubs/tspl4.bib},
  annote    = {Introduction and reference manual for R6RS Scheme with
numerous short and extended examples and exercises.}
}

@article{article,
  author = {Cowles, John and Gamboa, Ruben},
  year   = {2004},
  month  = {01},
  pages  = {},
  title  = {Contributions to the theory of tail recursive functions}
}

@article{article,
  author  = {Norvig, Peter},
  year    = {1991},
  month   = {01},
  pages   = {},
  title   = {Techniques for automatic memoization with applications to context-free parsing},
  volume  = {17},
  journal = {Computational Linguistics - COLI}
}

@book{book:1553,
  title     = {Функциональное программирование},
  author    = {Филд А., Харрисон П.},
  publisher = {Мир},
  year      = {1993},
  series    = {},
  edition   = {},
  volume    = {}
}

@online{maturityofvpl,
  title={The maturity of visual programming},
  author={Rémi D.},
  journal={craft ai},
  year={2015},
  medium={Электронный ресурс},
  url = {https://www.craft.ai/blog/the-maturity-of-visual-programming},
  urldate = {30.05.2021},
  language = {english}
}

@online{blocklysite,
  title={Blockly},
  journal={Google Developers},
  year={2021},
  medium={Электронный ресурс},
  url = {https://developers.google.com/blockly},
  urldate = {30.05.2021},
  language = {english}
}

@online{flowgorithm,
  title={Flowgorithm},
  journal={Flowgorithm - Flowchart Programming Language},
  year={2021},
  medium={Электронный ресурс},
  url = {http://www.flowgorithm.org/},
  urldate = {30.05.2021},
  language = {english}
}

@online{blueprint,
  title={Blueprint Visual Scripting},
  journal={Unreal Engine Documentation},
  year={2021},
  medium={Электронный ресурс},
  url = {https://docs.unrealengine.com/4.26/en-US/ProgrammingAndScripting/Blueprints/},
  urldate = {30.05.2021},
  language = {english}
}